<record><leader>00000cas a22000007a 4500</leader><controlfield tag="001">9708761</controlfield><controlfield tag="008">830715d18891892ksuwr ne      0    0eng d</controlfield><controlfield tag="009">3789</controlfield><datafield ind1=" " ind2=" " tag="010"><subfield code="a">sn 83040423 </subfield></datafield><datafield ind1=" " ind2=" " tag="040"><subfield code="a">KSH</subfield><subfield code="b">eng</subfield><subfield code="c">KSH</subfield><subfield code="d">NPT</subfield></datafield><datafield ind1="1" ind2=" " tag="029"><subfield code="a">AU@</subfield><subfield code="b">000025796449</subfield></datafield><datafield ind1=" " ind2=" " tag="042"><subfield code="a">msc</subfield></datafield><datafield ind1=" " ind2=" " tag="043"><subfield code="a">n-us-ks</subfield></datafield><datafield ind1="0" ind2=" " tag="130"><subfield code="a">Mapleton dispatch (Mapleton, Kan. : 1889)</subfield></datafield><datafield ind1="0" ind2="0" tag="245"><subfield code="a">Mapleton dispatch.</subfield></datafield><datafield ind1=" " ind2=" " tag="260"><subfield code="a">Mapleton, Kan. :</subfield><subfield code="b">McQuaid &amp; Brimhall,</subfield><subfield code="c">1889-1892.</subfield></datafield><datafield ind1=" " ind2=" " tag="300"><subfield code="a">5 v. :</subfield><subfield code="b">ill. (chiefly advertisements) ;</subfield><subfield code="c">55 cm.</subfield></datafield><datafield ind1=" " ind2=" " tag="310"><subfield code="a">Weekly</subfield></datafield><datafield ind1="0" ind2=" " tag="362"><subfield code="a">Vol. 2, no. 49 (Jan. 24, 1889)-v. 6, no. 18 (June 2, 1892)</subfield></datafield><datafield ind1=" " ind2=" " tag="500"><subfield code="a">"Republican."</subfield></datafield><datafield ind1=" " ind2=" " tag="500"><subfield code="a">Editor: G.J. McQuaid.</subfield></datafield><datafield ind1="1" ind2=" " tag="700"><subfield code="a">McQuaid, G. J.</subfield></datafield><datafield ind1=" " ind2=" " tag="752"><subfield code="a">United States</subfield><subfield code="b">Kansas</subfield><subfield code="c">Bourbon</subfield><subfield code="d">Mapleton.</subfield></datafield><datafield ind1="0" ind2="0" tag="780"><subfield code="t">Telephone (Uniontown, Kan.)</subfield><subfield code="w">(DLC)sn 83040424</subfield></datafield><datafield ind1="0" ind2="0" tag="785"><subfield code="t">Fort Scott dispatch</subfield><subfield code="w">(DLC)sn 83040268</subfield></datafield></record>